<?xml version="1.0" encoding="UTF-8"?><collection xmlns="http://www.loc.gov/MARC21/slim"><record><leader>00501nam--2200181-i-4500</leader><controlfield tag="001">000036928</controlfield><controlfield tag="002">20161230</controlfield><controlfield tag="005">20161230201041</controlfield><controlfield tag="008">060222s1000------------r-----000-0-rum-d</controlfield><datafield ind1=" " ind2=" " tag="040"><subfield code="a">IFIN-HH</subfield></datafield><datafield ind1=" " ind2=" " tag="041"><subfield code="a">rum</subfield></datafield><datafield ind1=" " ind2=" " tag="080"><subfield code="a">531.3</subfield></datafield><datafield ind1="1" ind2=" " tag="100"><subfield code="a">Popovici,Mircea Mihail</subfield></datafield><datafield ind1="1" ind2="0" tag="245"><subfield code="a">Mecanica tehnica pentru muncitori</subfield><subfield code="b">Vol.iii.dinamica si aplicatiile ei tehnice</subfield><subfield code="c">Mircea Mihail Popovici</subfield></datafield><datafield ind1=" " ind2=" " tag="260"><subfield code="a">Bucuresti,Ed.Tehnica,1985</subfield></datafield><datafield ind1=" " ind2=" " tag="300"><subfield code="a">512 P</subfield></datafield><datafield ind1=" " ind2=" " tag="852"><subfield code="a">72897</subfield><subfield code="c">531</subfield></datafield><datafield ind1=" " ind2=" " tag="CAT"><subfield code="a">Sys</subfield><subfield code="c">20100701</subfield><subfield code="h">120652</subfield></datafield></record></collection>